@BOOK{progol_manual,
	title = {An Introduction to Progol},
	author = {Sam Robert},
	year = {1997},
}

@BOOK{paper,
	author = {Aleksander Sadikov Â· Ivan Bratko},
	title = {Learning long-term chess strategies from databases},
	year = {2005},
	publisher = {Springer Science + Business Media, LLC 2006}
}

@misc{wiki,
   author = "Wikipedia",
   title = "PROGOL --- Wikipedia{,} The Free Encyclopedia",
   year = "2013",
   url = "http://en.wikipedia.org/w/index.php?title=PROGOL&oldid=544694967",
   note = "[Online; accessed 10-April-2015]"
}

@misc{data,
   author = "archive.ics.uci.edu",
   title = "machine-learning-databases",
   year = "1994",
   url = "https://archive.ics.uci.edu/ml/machine-learning-databases/chess/king-rook-vs-king/",
   note = "[Online; accessed 25-March-2015]"
}